@article{landsatLST,
    author = {Jimenez-Munoz, Juan Carlos and Sobrino, Jose A.},
    title = {A generalized single-channel method for retrieving land surface temperature from thermal infrared data},
    journal = {International Journal of Remote Sensing},
    volume = {28},
    number = {22},
    pages = {5183-5200},
    year = {2007},
    publisher = {Taylor & Francis},
    doi = {10.1080/01431160701281641}
}

@article{modisLST,
    author = {Wan, Zhengming and Dozier, Jeff},
    title = {A generalized split-window algorithm for retrieving land-surface temperature from space},
    journal = {IEEE Transactions on Geoscience and Remote Sensing},
    volume = {34},
    number = {4},
    pages = {892-905},
    year = {1996},
    publisher = {IEEE},
    doi = {10.1109/36.511638}
}

@online{landsatUSGS,
    author = {{U.S. Geological Survey (USGS)}},
    title = {Landsat Missions},
    url = {https://www.usgs.gov/core-science-systems/nli/landsat},
    year = {2023}, % Or year of last update
    urldate = {2025-04-27}, % Update this date
    note = {Accessed on 27 April 2025}
}

@online{sentinelESA,
    author = {{European Space Agency (ESA)}},
    title = {Sentinel-2 Overview},
    url = {https://sentinels.copernicus.eu/web/sentinel/missions/sentinel-2},
    year = {2024}, % Or year of last update
    urldate = {2025-04-27}, % Update this date
    note = {Accessed on 27 April 2025}
}

@misc{modisNASA,
    author = {{NASA}},
    title = {Moderate Resolution Imaging Spectroradiometer (MODIS)},
    howpublished = {Website},
    url = {https://modis.gsfc.nasa.gov/},
    year = {2023}, % Or year of last update
    urldate = {2025-04-27}, % Update this date
    note = {Accessed on 27 April 2025}
}

@misc{gee,
    author = {{Google}},
    title = {Google Earth Engine},
    howpublished = {Website},
    url = {https://earthengine.google.com/},
    year = {2024}, % Or year of last update
    urldate = {2025-04-27}, % Update this date
    note = {Accessed on 27 April 2025}
}